

%Frontier job
@misc{JobOne,
	author = {Frontier},
	title = {graduate-programmers},
	howpublished = {\url{https://www.frontier.co.uk/careers/disciplines/programming/graduate-programmers#id_first}},
	year = {2018}
}

%Frontier graduate advice
@misc{FrontierAdvice,
	author = {Frontier},
	title = {graduate-programmer-advice},
	howpublished = {\url{https://www.frontier.co.uk/careers/programmer-application-guidance}},
	year = {2018}
}
